% Encoding: UTF-8

@Online{Kaggle2017,
  author = {Kaggle},
  title  = {Titanic: Machine Learning from Disaster},
  year   = {2017},
  date   = {2017-07-13},
  url    = {https://www.kaggle.com/c/titanic},
}

@Comment{jabref-meta: databaseType:biblatex;}


@Online{smo,
  author = {Unknown},
  title  = {The Simplified SMO Algorithm},
  year   = {2017},
  date   = {2017-07-13},
  url    = {http://cs229.stanford.edu/materials/smo.pdf},
}

@article{platt,
  title={Sequential minimal optimization: A fast algorithm for training support vector machines},
  author={Platt, John},
  year={1998}
}

